% Nella bibliografia devono essere riportati tutte le fonti consultate per lo svolgimento della tesi. La bibliografia deve essere redatta in ordine alfabetico sul cognome del primo autore. La forma della citazione bibliografica va inserita secondo la fonte utilizzata: 
% - LIBRI Cognome e iniziale del nome autore/autori, la data di edizione, titolo, casa editrice, eventuale numero dell’edizione. 
% - ARTICOLI DI RIVISTA Cognome e iniziale del nome autore/autori, titolo articolo, titolo rivista, volume, numero, numero di pagine. 
% - ARTICOLI DI CONFERENZA Cognome e iniziale del nome autore/autori (anno), titolo articolo, titolo conferenza, luogo della conferenza (città e paese), date della conferenza, numero di pagine.
% - SITOGRAFIA La sitografia contiene un elenco di indirizzi Web consultati e disposti in ordine alfabetico. E’ necessario: Copiare la URL (l’indirizzo web) specifica della pagina consultata Se disponibile, indicare il cognome e nome dell’autore, il titolo ed eventuale sottotitolo del testo Se disponibile, inserire la data di ultima consultazione della risorsa (gg/mm/aaaa).

@inproceedings{wohlin_guidelines_2014,
    author = {Wohlin, Claes},
    title = {Guidelines for Snowballing in Systematic Literature Studies and a Replication in Software Engineering},
    year = {2014},
    isbn = {9781450324762},
    publisher = {Association for Computing Machinery},
    address = {New York, NY, USA},
    url = {https://doi.org/10.1145/2601248.2601268},
    doi = {10.1145/2601248.2601268},
    abstract = {Background: Systematic literature studies have become common in software engineering, and hence it is important to understand how to conduct them efficiently and reliably.Objective: This paper presents guidelines for conducting literature reviews using a snowballing approach, and they are illustrated and evaluated by replicating a published systematic literature review.Method: The guidelines are based on the experience from conducting several systematic literature reviews and experimenting with different approaches.Results: The guidelines for using snowballing as a way to search for relevant literature was successfully applied to a systematic literature review.Conclusions: It is concluded that using snowballing, as a first search strategy, may very well be a good alternative to the use of database searches.},
    booktitle = {Proceedings of the 18th International Conference on Evaluation and Assessment in Software Engineering},
    articleno = {38},
    numpages = {10},
    keywords = {systematic mapping studies, replication, snowball search, snowballing, systematic literature review},
    location = {London, England, United Kingdom},
    series = {EASE '14}
}